<?xml version="1.0" encoding="UTF-8"?><collection xmlns="http://www.loc.gov/MARC21/slim"><record><leader>00420nam--2200121-i-4500</leader><controlfield tag="001">000008115</controlfield><controlfield tag="002">20161230</controlfield><controlfield tag="005">20161230201027</controlfield><controlfield tag="008">060222s1000------------r-----000-0-eng-d</controlfield><datafield ind1=" " ind2=" " tag="080"><subfield code="a">541.11:621.039.53</subfield></datafield><datafield ind1=" " ind2=" " tag="245"><subfield code="a">Colloque sur la thermodynamique des matieres nucleaires, notamment des solutions, vienne, 4-8 sept., 1967. resumes des memoires</subfield></datafield><datafield ind1=" " ind2=" " tag="260"><subfield code="a">Vienne, Agence Intern.De L Energie Atom., 1967 /P.Dif.</subfield></datafield><datafield ind1=" " ind2=" " tag="852"><subfield code="a">27251</subfield></datafield></record></collection>